@article{autor2015,
  author = {José Pedro García Sabater},
  title = {Epígrafe 6.3 pag 54},
  journal = {Aplicando Teoría de Colas en Dirección de Operaciones},
  year = {2015}
}
@article{tresColas,
  author = {José Pedro García Sabater},
  title = {Epígrafe 3.1 pag 26-27},
  journal = {Aplicando Teoría de Colas en Dirección de Operaciones},
  year = {2015}
}
@article{unaCola,
  author = {José Pedro García Sabater},
  title = {Epígrafe 3.2 pag 28-29},
  journal = {Aplicando Teoría de Colas en Dirección de Operaciones},
  year = {2015}
}